<?xml version="1.0" encoding="UTF-8"?><collection xmlns="http://www.loc.gov/MARC21/slim"><record><leader>00456nam--2200133-i-4500</leader><controlfield tag="001">000010328</controlfield><controlfield tag="002">20161230</controlfield><controlfield tag="005">20161230201028</controlfield><controlfield tag="008">060222s1000------------r-----000-0-eng-d</controlfield><datafield ind1=" " ind2=" " tag="080"><subfield code="a">016:621.039</subfield></datafield><datafield ind1=" " ind2=" " tag="100"><subfield code="a">Ballantine, D.S., Kopp, L.E.And Metz, D.J</subfield></datafield><datafield ind1=" " ind2=" " tag="245"><subfield code="a">Bibliography of technical publications and reports of the radiation division, brookhaven national laboratory: july 1968-june 1971 inclusive</subfield></datafield><datafield ind1=" " ind2=" " tag="260"><subfield code="a">Upton, N.Y., B.N.L., 1963</subfield></datafield><datafield ind1=" " ind2=" " tag="852"><subfield code="a">D.1229</subfield></datafield></record></collection>